<?xml version="1.0" encoding="UTF-8"?><record xmlns="http://www.loc.gov/MARC21/slim" xmlns:cinclude="http://apache.org/cocoon/include/1.0" xmlns:zs="http://www.loc.gov/zing/srw/">
  <leader>00356cz  a2200133n  4500</leader>
  <controlfield tag="001">n  90727577 </controlfield>
  <controlfield tag="003">DLC</controlfield>
  <controlfield tag="005">19901231144039.4</controlfield>
  <controlfield tag="008">901228n| acannaab|          |a aaa |||  </controlfield>
  <datafield tag="010" ind1=" " ind2=" ">
    <subfield code="a">n  90727577 </subfield>
  </datafield>
  <datafield tag="040" ind1=" " ind2=" ">
    <subfield code="a">DLC</subfield>
    <subfield code="c">DLC</subfield>
    <subfield code="d">DLC</subfield>
  </datafield>
  <datafield tag="100" ind1="1" ind2="0">
    <subfield code="a">Montero, Rosa.</subfield>
    <subfield code="t">CroĚnica del desamor.</subfield>
    <subfield code="l">English</subfield>
  </datafield>
  <datafield tag="400" ind1="1" ind2="0">
    <subfield code="a">Montero, Rosa.</subfield>
    <subfield code="t">Absent love</subfield>
  </datafield>
  <datafield tag="670" ind1=" " ind2=" ">
    <subfield code="a">Her Absent love, c1991.</subfield>
  </datafield>
</record>